                  
@article{ReferenceKey,
   author = {Foo Bar and Hansli Meier},
   title = {Title of the article},
   year = 2001,
   journal = {Journal where the article has been published},
   volume = {volume of the journal},
   pages = {12--77}
   }


% VOLATILITY MODELS

@article{Guyon22,
  title = {Volatility is (mostly) path-dependent},
  author = {Guyon, Julien and Lekeufack, Jordan},
  journal = {Quantitative Finance},
  year = {2023}
}

@article{Luo18,
  title = {A neural stochastic volatility model},
  author = {Luo, Rui and Zhang, Weinan and Xu, Xiaojun and Wang, Jun},
  journal = {Proceedings of the AAAI Conference on Artificial Intelligence},
  volume = {32},
  number = {1},
  year = {2018}
}


% SIGNATURES & RESERVOIR COMPUTING

@article{Liu12,
  title = {A comparative analysis of support vector machines and extreme learning machines},
  author = {Liu, Xueyi and Gao, Chuanhou and Li, Ping},
  journal = {Neural Networks},
  volume = {33},
  number = {},
  pages = {58--66},
  year = {2012},
}

@article{Cuchiero23,
  title = {Signature-based models: theory and calibration},
  author = {Cuchiero, Christa and Gazzani, Guido and Svaluto-Ferro, Sara},
  journal = {SIAM Journal on Financial Mathematics},
  volume = {14},
  number = {3},
  pages = {910--957},
  year = {2023}
}

@article{Cuchiero22,
  title = {Universal approximation theorems for continuous functions of cadlag paths and Levy-type signature models},
  author = {Cuchiero, Christa and Primavera, Francesca and Svaluto-Ferro, Sara},
  journal = {arXiv preprint},
  year={2022}
}

@article{Cuchiero21,
  title = {Expressive power of randomized signature},
  author = {Cuchiero, Christa and Gonon, Lukas and Grigoryeva, Lyudmila and Ortega, Juan-Pablo and Teichmann, Josef},
  journal = {35th Conference on Neural Information Processing Systems (NeurIPS 2021)},
  year = {2021}
}

% SEQUENTIAL MONTE CARLO

@article{Chopin02,
  title = {A sequential particle filter method for static models},
  author = {Chopin, Nicolas},
  journal = {Biometrika},
  volume = {89},
  number = {3},
  pages = {539--552},
  year = {2002},
}

